%% This BibTeX bibliography file was created using BibDesk.
%% http://bibdesk.sourceforge.net/


%% Created for Eric C. Anderson at 2014-12-25 22:43:44 -0800 


%% Saved with string encoding Unicode (UTF-8) 



@article{Ran&Mou1997,
	Author = {Rannala, B and Mountain, J L},
	Date-Added = {2014-12-26 06:43:10 +0000},
	Date-Modified = {2014-12-26 06:43:10 +0000},
	Journal = {Proceedings of the National Academy of Sciences, USA},
	Pages = {9197--9201},
	Title = {{Detecting immigration by using multilocus genotypes}},
	Volume = {94},
	Year = {1997}}

@article{Andersonetal2008,
	Author = {Eric C Anderson and Robin S Waples and Steven T Kalinowski},
	Date-Added = {2014-12-26 06:43:00 +0000},
	Date-Modified = {2014-12-26 06:43:00 +0000},
	Journal = {Can J Fish Aquat Sci},
	Pages = {1475--1486},
	Title = {An improved method for predicting the accuracy of genetic stock identification},
	Volume = {65},
	Year = {2008}}
